{
  "leader": "05273cam  22006734a 4500",
  "fields": [
    {
      "001": "ocm52853905\\"
    },
    {
      "003": "OCoLC"
    },
    {
      "005": "20211112094921.0"
    },
    {
      "008": "030808s2004\\\\\\\\nyua\\\\\\\\\\b\\\\\\\\001\\0\\eng\\\\"
    },
    {
      "010": {
        "ind1": "\\",
        "ind2": "\\",
        "subfields": [
          {
            "a": "  2003057646"
          }
        ]
      }
    },
    {
      "040": {
        "ind1": "\\",
        "ind2": "\\",
        "subfields": [
          {
            "a": "DLC"
          },
          {
            "b": "eng"
          },
          {
            "c": "DLC"
          },
          {
            "d": "NLM"
          },
          {
            "d": "IBS"
          },
          {
            "d": "SYB"
          },
          {
            "d": "XY4"
          },
          {
            "d": "BAKER"
          },
          {
            "d": "NLGGC"
          },
          {
            "d": "YDXCP"
          },
          {
            "d": "BTCTA"
          },
          {
            "d": "LVB"
          },
          {
            "d": "IBV"
          },
          {
            "d": "OCLCG"
          },
          {
            "d": "TEX"
          },
          {
            "d": "IG#"
          },
          {
            "d": "BTN"
          },
          {
            "d": "GEBAY"
          },
          {
            "d": "HALAN"
          },
          {
            "d": "AU@"
          },
          {
            "d": "TXJAS"
          },
          {
            "d": "WZQ"
          },
          {
            "d": "OCLCF"
          },
          {
            "d": "OCLCQ"
          },
          {
            "d": "OCLCO"
          },
          {
            "d": "G8V"
          },
          {
            "d": "DEBBG"
          },
          {
            "d": "OCL"
          },
          {
            "d": "OCLCQ"
          },
          {
            "d": "OCL"
          },
          {
            "d": "WAU"
          },
          {
            "d": "VGM"
          },
          {
            "d": "SFR"
          },
          {
            "d": "PAZ"
          },
          {
            "d": "OCLCQ"
          },
          {
            "d": "MWB"
          },
          {
            "d": "OCLCO"
          },
          {
            "d": "T3D"
          },
          {
            "d": "OCLCA"
          },
          {
            "d": "VBO"
          },
          {
            "d": "NMC"
          },
          {
            "d": "OCLCQ"
          },
          {
            "d": "OCLCO"
          },
          {
            "d": "OCLCQ"
          },
          {
            "d": "CNO"
          },
          {
            "d": "TYC"
          },
          {
            "d": "OCLCQ"
          },
          {
            "d": "OCLCO"
          },
          {
            "d": "OCLCQ"
          },
          {
            "d": "OCLCO"
          },
          {
            "d": "OCLCQ"
          },
          {
            "d": "EUQ"
          },
          {
            "d": "OCLCQ"
          },
          {
            "d": "OCLCA"
          },
          {
            "d": "Z74"
          },
          {
            "d": "OCLCQ"
          },
          {
            "d": "OCLCO"
          },
          {
            "d": "BDP"
          },
          {
            "d": "OCLCQ"
          },
          {
            "d": "OCL"
          },
          {
            "d": "MMM"
          },
          {
            "d": "LHT"
          },
          {
            "d": "OCLCQ"
          },
          {
            "d": "OCLCO"
          }
        ]
      }
    },
    {
      "016": {
        "ind1": "7",
        "ind2": "\\",
        "subfields": [
          {
            "a": "101208193"
          },
          {
            "2": "DNLM"
          }
        ]
      }
    },
    {
      "019": {
        "ind1": "\\",
        "ind2": "\\",
        "subfields": [
          {
            "a": "410475736"
          },
          {
            "a": "664360911"
          },
          {
            "a": "677404466"
          },
          {
            "a": "824699893"
          },
          {
            "a": "830212000"
          },
          {
            "a": "1003080509"
          },
          {
            "a": "1003718040"
          },
          {
            "a": "1022712487"
          },
          {
            "a": "1065105716"
          },
          {
            "a": "1077788836"
          },
          {
            "a": "1080156716"
          },
          {
            "a": "1166442520"
          },
          {
            "a": "1166540590"
          },
          {
            "a": "1171642302"
          },
          {
            "a": "1200988640"
          },
          {
            "a": "1201591699"
          },
          {
            "a": "1201991663"
          },
          {
            "a": "1202014556"
          }
        ]
      }
    },
    {
      "020": {
        "ind1": "\\",
        "ind2": "\\",
        "subfields": [
          {
            "a": "0670894737"
          },
          {
            "q": "(alk. paper)"
          }
        ]
      }
    },
    {
      "020": {
        "ind1": "\\",
        "ind2": "\\",
        "subfields": [
          {
            "a": "9780670894734"
          },
          {
            "q": "(alk. paper)"
          }
        ]
      }
    },
    {
      "020": {
        "ind1": "\\",
        "ind2": "\\",
        "subfields": [
          {
            "a": "096591142X"
          },
          {
            "q": "(pbk.)"
          }
        ]
      }
    },
    {
      "020": {
        "ind1": "\\",
        "ind2": "\\",
        "subfields": [
          {
            "a": "9780965911429"
          },
          {
            "q": "(pbk.)"
          }
        ]
      }
    },
    {
      "020": {
        "ind1": "\\",
        "ind2": "\\",
        "subfields": [
          {
            "a": "0143036491"
          }
        ]
      }
    },
    {
      "020": {
        "ind1": "\\",
        "ind2": "\\",
        "subfields": [
          {
            "a": "9780143036494"
          }
        ]
      }
    },
    {
      "024": {
        "ind1": "3",
        "ind2": "\\",
        "subfields": [
          {
            "a": "9780670894734"
          }
        ]
      }
    },
    {
      "035": {
        "ind1": "\\",
        "ind2": "\\",
        "subfields": [
          {
            "a": "(OCoLC)52853905"
          },
          {
            "z": "(OCoLC)410475736"
          },
          {
            "z": "(OCoLC)664360911"
          },
          {
            "z": "(OCoLC)677404466"
          },
          {
            "z": "(OCoLC)824699893"
          },
          {
            "z": "(OCoLC)830212000"
          },
          {
            "z": "(OCoLC)1003080509"
          },
          {
            "z": "(OCoLC)1003718040"
          },
          {
            "z": "(OCoLC)1022712487"
          },
          {
            "z": "(OCoLC)1065105716"
          },
          {
            "z": "(OCoLC)1077788836"
          },
          {
            "z": "(OCoLC)1080156716"
          },
          {
            "z": "(OCoLC)1166442520"
          },
          {
            "z": "(OCoLC)1166540590"
          },
          {
            "z": "(OCoLC)1171642302"
          },
          {
            "z": "(OCoLC)1200988640"
          },
          {
            "z": "(OCoLC)1201591699"
          },
          {
            "z": "(OCoLC)1201991663"
          },
          {
            "z": "(OCoLC)1202014556"
          }
        ]
      }
    },
    {
      "042": {
        "ind1": "\\",
        "ind2": "\\",
        "subfields": [
          {
            "a": "pcc"
          }
        ]
      }
    },
    {
      "043": {
        "ind1": "\\",
        "ind2": "\\",
        "subfields": [
          {
            "a": "n-us---"
          }
        ]
      }
    },
    {
      "050": {
        "ind1": "0",
        "ind2": "0",
        "subfields": [
          {
            "a": "RC150.4"
          },
          {
            "b": ".B37 2004"
          }
        ]
      }
    },
    {
      "055": {
        "ind1": "\\",
        "ind2": "4",
        "subfields": [
          {
            "a": "RC150.4"
          },
          {
            "b": "B37"
          }
        ]
      }
    },
    {
      "060": {
        "ind1": "0",
        "ind2": "0",
        "subfields": [
          {
            "a": "2004 D-400"
          }
        ]
      }
    },
    {
      "060": {
        "ind1": "1",
        "ind2": "0",
        "subfields": [
          {
            "a": "WC 515"
          },
          {
            "b": "B279g 2004"
          }
        ]
      }
    },
    {
      "082": {
        "ind1": "0",
        "ind2": "0",
        "subfields": [
          {
            "a": "614.51809041"
          },
          {
            "b": "BAR"
          }
        ]
      }
    },
    {
      "100": {
        "ind1": "1",
        "ind2": "\\",
        "subfields": [
          {
            "a": "Barry, John M.,"
          },
          {
            "d": "1947-"
          }
        ]
      }
    },
    {
      "245": {
        "ind1": "1",
        "ind2": "4",
        "subfields": [
          {
            "a": "The great influenza :"
          },
          {
            "b": "the epic story of the deadliest plague in history /"
          },
          {
            "c": "John M. Barry."
          }
        ]
      }
    },
    {
      "260": {
        "ind1": "\\",
        "ind2": "\\",
        "subfields": [
          {
            "a": "New York :"
          },
          {
            "b": "Viking,"
          },
          {
            "c": "\ufffd2004."
          }
        ]
      }
    },
    {
      "300": {
        "ind1": "\\",
        "ind2": "\\",
        "subfields": [
          {
            "a": "546 pages :"
          },
          {
            "b": "illustrations ;"
          },
          {
            "c": "25 cm"
          }
        ]
      }
    },
    {
      "336": {
        "ind1": "\\",
        "ind2": "\\",
        "subfields": [
          {
            "a": "text"
          },
          {
            "b": "txt"
          },
          {
            "2": "rdacontent"
          }
        ]
      }
    },
    {
      "337": {
        "ind1": "\\",
        "ind2": "\\",
        "subfields": [
          {
            "a": "unmediated"
          },
          {
            "b": "n"
          },
          {
            "2": "rdamedia"
          }
        ]
      }
    },
    {
      "338": {
        "ind1": "\\",
        "ind2": "\\",
        "subfields": [
          {
            "a": "volume"
          },
          {
            "b": "nc"
          },
          {
            "2": "rdacarrier"
          }
        ]
      }
    },
    {
      "504": {
        "ind1": "\\",
        "ind2": "\\",
        "subfields": [
          {
            "a": "Includes bibliographical references (pages 507-527) and index."
          }
        ]
      }
    },
    {
      "505": {
        "ind1": "0",
        "ind2": "0",
        "subfields": [
          {
            "t": "The warriors --"
          },
          {
            "t": "The swarm --"
          },
          {
            "t": "The tinderbox --"
          },
          {
            "t": "It begins --"
          },
          {
            "t": "Explosion --"
          },
          {
            "t": "The pestilence --"
          },
          {
            "t": "The race --"
          },
          {
            "t": "The tolling of the bell --"
          },
          {
            "t": "Lingerer --"
          },
          {
            "t": "Endgame."
          }
        ]
      }
    },
    {
      "520": {
        "ind1": "1",
        "ind2": "\\",
        "subfields": [
          {
            "a": "\"In the winter of 1918, the coldest the American Midwest had ever endured, history's most lethal influenza virus was born. Over the next year it flourished, killing as many as 100 million people. It killed more people in twenty-four weeks than AIDS has killed in twenty-four years, more people in a year than the Black Death of the Middle Ages killed in a century. There were many echoes of the Middle Ages in 1918: victims turned blue-black and priests in some of the world's most modern cities drove horse-drawn carts down the streets, calling upon people to bring out their dead.\" \"But 1918 was not the Middle Ages, and the story of this epidemic is not simply one of death, suffering, and terror; it is the story of one war imposed upon the background of another. For the first time in history, science collided with epidemic disease, and great scientists - pioneers who defined modern American medicine - pitted themselves against a pestilence. The politicians and military commanders of World War I, focusing upon a different type of enemy, ignored warnings from these scientists and so fostered conditions that helped the virus kill. The strain of these two wars put society itself under almost unimaginable pressure. Even as scientists began to make progress, the larger society around them began to crack.\" \"Yet ultimately this is a story of triumph amidst tragedy, illuminating human courage as well as science. In particular, this courage led a tenacious investigator directly to one of the greatest scientific discoveries of the twentieth century - a discovery that has spawned many Nobel prizes and even now is shaping our future.\"--Jacket."
          }
        ]
      }
    },
    {
      "650": {
        "ind1": "\\",
        "ind2": "0",
        "subfields": [
          {
            "a": "Influenza Epidemic, 1918-1919."
          }
        ]
      }
    },
    {
      "650": {
        "ind1": "\\",
        "ind2": "0",
        "subfields": [
          {
            "a": "Influenza Epidemic, 1918-1919"
          },
          {
            "z": "United States."
          }
        ]
      }
    },
    {
      "650": {
        "ind1": "\\",
        "ind2": "0",
        "subfields": [
          {
            "a": "Medicine"
          },
          {
            "z": "United States"
          },
          {
            "x": "History"
          },
          {
            "y": "20th century."
          }
        ]
      }
    },
    {
      "650": {
        "ind1": "\\",
        "ind2": "7",
        "subfields": [
          {
            "a": "Medicine."
          },
          {
            "2": "fast"
          },
          {
            "0": "(OCoLC)fst01014893"
          }
        ]
      }
    },
    {
      "651": {
        "ind1": "\\",
        "ind2": "7",
        "subfields": [
          {
            "a": "United States."
          },
          {
            "2": "fast"
          },
          {
            "0": "(OCoLC)fst01204155"
          }
        ]
      }
    },
    {
      "650": {
        "ind1": "1",
        "ind2": "2",
        "subfields": [
          {
            "a": "Influenza, Human"
          },
          {
            "x": "history"
          }
        ]
      }
    },
    {
      "650": {
        "ind1": "2",
        "ind2": "2",
        "subfields": [
          {
            "a": "Disease Outbreaks"
          },
          {
            "x": "history"
          }
        ]
      }
    },
    {
      "650": {
        "ind1": "2",
        "ind2": "2",
        "subfields": [
          {
            "a": "History, 20th Century"
          }
        ]
      }
    },
    {
      "651": {
        "ind1": "\\",
        "ind2": "2",
        "subfields": [
          {
            "a": "United States"
          }
        ]
      }
    },
    {
      "647": {
        "ind1": "\\",
        "ind2": "7",
        "subfields": [
          {
            "a": "Influenza Epidemic"
          },
          {
            "d": "(1918-1919)"
          },
          {
            "2": "fast"
          },
          {
            "0": "(OCoLC)fst01754995"
          }
        ]
      }
    },
    {
      "648": {
        "ind1": "\\",
        "ind2": "7",
        "subfields": [
          {
            "a": "1900-1999"
          },
          {
            "2": "fast"
          }
        ]
      }
    },
    {
      "655": {
        "ind1": "\\",
        "ind2": "7",
        "subfields": [
          {
            "a": "History."
          },
          {
            "2": "fast"
          },
          {
            "0": "(OCoLC)fst01411628"
          }
        ]
      }
    },
    {
      "776": {
        "ind1": "0",
        "ind2": "8",
        "subfields": [
          {
            "i": "Online version:"
          },
          {
            "a": "Barry, John M., 1947-"
          },
          {
            "t": "Great influenza."
          },
          {
            "d": "New York : Viking, \ufffd2004"
          },
          {
            "w": "(OCoLC)665113800"
          }
        ]
      }
    },
    {
      "856": {
        "ind1": "4",
        "ind2": "1",
        "subfields": [
          {
            "3": "Sample text"
          },
          {
            "u": "http://catdir.loc.gov/catdir/enhancements/fy0720/2003057646-s.html"
          }
        ]
      }
    },
    {
      "856": {
        "ind1": "4",
        "ind2": "1",
        "subfields": [
          {
            "3": "Table of contents"
          },
          {
            "u": "http://catdir.loc.gov/catdir/enhancements/fy0720/2003057646-t.html"
          }
        ]
      }
    },
    {
      "856": {
        "ind1": "4",
        "ind2": "2",
        "subfields": [
          {
            "3": "Contributor biographical information"
          },
          {
            "u": "http://catdir.loc.gov/catdir/enhancements/fy0720/2003057646-b.html"
          }
        ]
      }
    },
    {
      "856": {
        "ind1": "4",
        "ind2": "2",
        "subfields": [
          {
            "3": "Publisher description"
          },
          {
            "u": "http://catdir.loc.gov/catdir/enhancements/fy0720/2003057646-d.html"
          }
        ]
      }
    },
    {
      "856": {
        "ind1": "4",
        "ind2": "2",
        "subfields": [
          {
            "z": "Cornerstones of Science website"
          },
          {
            "u": "http://www.cornerstonesofscience.org/"
          }
        ]
      }
    },
    {
      "994": {
        "ind1": "\\",
        "ind2": "\\",
        "subfields": [
          {
            "a": "Z0"
          },
          {
            "b": "NYRVC"
          }
        ]
      }
    },
    {
      "948": {
        "ind1": "\\",
        "ind2": "\\",
        "subfields": [
          {
            "h": "NO HOLDINGS IN NYRVC - 2683 OTHER HOLDINGS"
          }
        ]
      }
    },
    {
      "999": {
        "ind1": "\\",
        "ind2": "\\",
        "subfields": [
          {
            "a": "00000000012223"
          }
        ]
      }
    }
  ]
}